%------ 1.problem statements ------
@article{insel2009disruptive,
  title={Disruptive insights in psychiatry: transforming a clinical discipline},
  author={Insel, Thomas R and others},
  journal={The Journal of clinical investigation},
  volume={119},
  number={4},
  pages={700--705},
  year={2009},
  publisher={Am Soc Clin Investig}
}
@article{kapur2012has,
  title={Why has it taken so long for biological psychiatry to develop clinical tests and what to do about it?},
  author={Kapur, Shitij and Phillips, Anthony G and Insel, Thomas R},
  journal={Molecular psychiatry},
  volume={17},
  number={12},
  pages={1174--1179},
  year={2012},
  publisher={Nature Publishing Group}
}
@article{stephan2015translational,
  title={Translational perspectives for computational neuroimaging},
  author={Stephan, Klaas E and Iglesias, Sandra and Heinzle, Jakob and Diaconescu, Andreea O},
  journal={Neuron},
  volume={87},
  number={4},
  pages={716--732},
  year={2015},
  publisher={Elsevier}
}
@article{hitchcock2022computational,
  title={Computational psychiatry needs time and context},
  author={Hitchcock, Peter F and Fried, Eiko I and Frank, Michael J},
  journal={Annual review of psychology},
  volume={73},
  pages={243--270},
  year={2022},
  publisher={Annual Reviews}
}
@article{scarr2015biomarkers,
  title={Biomarkers for psychiatry: the journey from fantasy to fact, a report of the 2013 CINP think tank},
  author={Scarr, Elizabeth and Millan, Mark J and Bahn, Sabine and Bertolino, Alessandro and Turck, Christoph W and Kapur, Shitij and M{\"o}ller, Hans-J{\"u}rgen and Dean, Brian},
  journal={International Journal of Neuropsychopharmacology},
  volume={18},
  number={10},
  pages={pyv042},
  year={2015},
  publisher={Oxford University Press US}
}
@article{merten2017overdiagnosis,
  title={Overdiagnosis of mental disorders in children and adolescents (in developed countries)},
  author={Merten, Eva Charlotte and Cwik, Jan Christopher and Margraf, J{\"u}rgen and Schneider, Silvia},
  journal={Child and adolescent psychiatry and mental health},
  volume={11},
  pages={1--11},
  year={2017},
  publisher={Springer}
}
@article{gara2019naturalistic,
  title={A naturalistic study of racial disparities in diagnoses at an outpatient behavioral health clinic},
  author={Gara, Michael A and Minsky, Shula and Silverstein, Steven M and Miskimen, Theresa and Strakowski, Stephen M},
  journal={Psychiatric Services},
  volume={70},
  number={2},
  pages={130--134},
  year={2019},
  publisher={Am Psychiatric Assoc}
}



%------ 2. research plan ------
@article{bohle2023holistically,
  title={Holistically Explainable Vision Transformers},
  author={B{\"o}hle, Moritz and Fritz, Mario and Schiele, Bernt},
  journal={arXiv preprint arXiv:2301.08669},
  year={2023}
}
@article{casey2018adolescent,
  title={The adolescent brain cognitive development (ABCD) study: imaging acquisition across 21 sites},
  author={Casey, Betty Jo and Cannonier, Tariq and Conley, May I and Cohen, Alexandra O and Barch, Deanna M and Heitzeg, Mary M and Soules, Mary E and Teslovich, Theresa and Dellarco, Danielle V and Garavan, Hugh and others},
  journal={Developmental cognitive neuroscience},
  volume={32},
  pages={43--54},
  year={2018},
  publisher={Elsevier}
}



%------ 3. previous works ------
@article{dinga2019evaluating,
  title={Evaluating the evidence for biotypes of depression: Methodological replication and extension of},
  author={Dinga, Richard and Schmaal, Lianne and Penninx, Brenda WJH and van Tol, Marie Jose and Veltman, Dick J and van Velzen, Laura and Mennes, Maarten and van der Wee, Nic JA and Marquand, Andre F},
  journal={NeuroImage: Clinical},
  volume={22},
  pages={101796},
  year={2019},
  publisher={Elsevier}
}
@article{wolfers2021replicating,
  title={Replicating extensive brain structural heterogeneity in individuals with schizophrenia and bipolar disorder},
  author={Wolfers, Thomas and Rokicki, Jaroslav and Aln{\ae}s, Dag and Berthet, Pierre and Agartz, Ingrid and Kia, Seyed Mostafa and Kaufmann, Tobias and Zabihi, Mariam and Moberget, Torgeir and Melle, Ingrid and others},
  journal={Human brain mapping},
  volume={42},
  number={8},
  pages={2546--2555},
  year={2021},
  publisher={Wiley Online Library}
}
@article{rutherford2022normative,
  title={The normative modeling framework for computational psychiatry},
  author={Rutherford, Saige and Kia, Seyed Mostafa and Wolfers, Thomas and Fraza, Charlotte and Zabihi, Mariam and Dinga, Richard and Berthet, Pierre and Worker, Amanda and Verdi, Serena and Ruhe, Henricus G and others},
  journal={Nature protocols},
  volume={17},
  number={7},
  pages={1711--1734},
  year={2022},
  publisher={Nature Publishing Group UK London}
}
@article{kjelkenes2023mapping,
  title={Mapping normative trajectories of cognitive function and its relation to psychopathology symptoms and genetic risk in youth},
  author={Kjelkenes, Rikka and Wolfers, Thomas and Aln{\ae}s, Dag and van der Meer, Dennis and Pedersen, Mads Lund and Dahl, Andreas and Voldsbekk, Irene and Moberget, Torgeir and Tamnes, Christian K and Andreassen, Ole A and others},
  journal={Biological Psychiatry Global Open Science},
  volume={3},
  number={2},
  pages={255--263},
  year={2023},
  publisher={Elsevier}
}
@article{rutherford2022charting,
  title={Charting brain growth and aging at high spatial precision},
  author={Rutherford, Saige and Fraza, Charlotte and Dinga, Richard and Kia, Seyed Mostafa and Wolfers, Thomas and Zabihi, Mariam and Berthet, Pierre and Worker, Amanda and Verdi, Serena and Andrews, Derek and others},
  journal={elife},
  volume={11},
  pages={e72904},
  year={2022},
  publisher={eLife Sciences Publications Limited}
}